@article{delaunay,
    author = {Lee, D. T. and Schachter, B. J.},
    booktitle = {International Journal of Computer \& Information Sciences},
    day = {1},
    doi = {10.1007/bf00977785},
    issn = {0091-7036},
    journal = {International Journal of Parallel Programming},
    month = jun,
    number = {3},
    pages = {219--242},
    publisher = {Kluwer Academic Publishers-Plenum Publishers},
    title = {{Two algorithms for constructing a Delaunay triangulation}},
    volume = {9},
    year = {1980}
}

@article{bernard,
  title = {Monitoring snow cover dynamics on an arctic hydrosystem using field measurements, remote and in situ sensing (Austre Lovenbreen, Spitsberg, 79N)},
  author = {Bernard, Eric and Griselin, Madeleine and Friedt, Jean-Michel and Tolle, Florian and Laffly, Dominique and Marlin, Christelle and Delangle, Emerick},
  booktitle = {Oslo Science Conference},
  address = {Oslo, Norway},
  year = {2010},
  month = Jun
}


@misc{carre,
author = {David Eberly, Magic Software, Inc.},
title = {Least Squares Fitting of Data},
year = {2001},
}

@misc{gauss,
author = {Homer F. Walker},
title = {Gaussian elimination},
howpublished = "\url{http://users.wpi.edu/~walker/MA514/HANDOUTS/gaussian_elim.pdf}"
}

@article{convexe,
 author = {Preparata, F. P. and Hong, S. J.},
 title = {Convex Hulls of Finite Sets of Points in Two and Three Dimensions},
 journal = {Commun. ACM},
 issue_date = {Feb. 1977},
 volume = {20},
 number = {2},
 month = feb,
 year = {1977},
 issn = {0001-0782},
 pages = {87--93},
 numpages = {7},
 url = {http://doi.acm.org/10.1145/359423.359430},
 doi = {10.1145/359423.359430},
 acmid = {359430},
 publisher = {ACM},
 address = {New York, NY, USA},
 keywords = {computational complexity, convex hull, optimal algorithms, planar set of points, spatial set of points},
}
